@misc{resumeri7:online,
author = {永井佑紀},
title = {Introduction to Superconductivity},
howpublished = {\url{https://webpark1378.sakura.ne.jp/nagai/resume_rinko_2-3_af.pdf}},
month = {5},
year = {2005},
note = {(Accessed on 01/26/2023)}
}

@misc{rika:online,
author = {国立天文台},
title = {理科年表-プレミアム},
howpublished = {\url{http://www.rikanenpyo.jp.kras.lib.keio.ac.jp/member/?module=Member&action=Login}},
note = {(Accessed on 01/26/2023)}
}