@book{ouyoubussei,
address = {東京},
publisher = {オーム社},
series = {応用物理学シリーズ},
title = {応用物性},
year = {1991},
}

