@misc{octocat,
author = {{GitHub Inc.}},
title = {GitHub Logos and Usage},
howpublished = {\url{https://github.com/logos}},
note = {(Accessed on 01/19/2023)}
}

@misc{octocat_legal,
author = {{GitHub Inc.}},
title = {GitHub ロゴのポリシー - GitHub Docs},
howpublished = {\url{https://docs.github.com/ja/site-policy/other-site-policies/github-logo-policy}},
note = {(Accessed on 01/19/2023)}
}

@misc{5jiku,
author = {{DMG MORI}},
title = {基礎から分かる5軸加工|DMG森精機},
howpublished = {\url{https://www.dmgmori.co.jp/sp/5axis/}},
note = {(Accessed on 01/19/2023)}
}

@misc{yokogata:online,
author = {mitsuri},
title = {横形マシニングセンタとは？構造、用途、種類を解説 | 金属加工の見積りサイトMitsuri（ミツリ）},
howpublished = {\url{https://mitsu-ri.net/articles/horizontal-machiningcenter}},
month = {10},
year = {2021},
note = {(Accessed on 01/19/2023)}
}

@misc{crysta:online,
author = {{mitutoyo inc.}},
title = {CNC三次元測定機 CRYSTA-Apex V500シリーズ CRYSTA-Apex V544 | 商品 | ミツトヨ},
howpublished = {\url{https://www.mitutoyo.co.jp/products/measuring-machines/cmm/standard/191-121/}},
note = {(Accessed on 01/19/2023)}
}